@book {Passman,
    AUTHOR = {Passman, Donald S.},
     TITLE = {The algebraic structure of group rings},
      NOTE = {Reprint of the 1977 original},
 PUBLISHER = {Robert E. Krieger Publishing Co., Inc., Melbourne, FL},
      YEAR = {1985},
     PAGES = {xiv+734},
      ISBN = {0-89874-789-9},
   MRCLASS = {16-02 (16A26 16A27)},
  MRNUMBER = {798076},
}
